<?xml version="1.0" encoding="UTF-8"?><collection xmlns="http://www.loc.gov/MARC21/slim"><record><leader>00399nam--2200121-i-4500</leader><controlfield tag="001">000038726</controlfield><controlfield tag="002">20161230</controlfield><controlfield tag="005">20161230201041</controlfield><controlfield tag="008">060222s1000------------r-----000-0-eng-d</controlfield><datafield ind1=" " ind2=" " tag="100"><subfield code="a">Ribaud, G. Manson,N</subfield></datafield><datafield ind1=" " ind2=" " tag="245"><subfield code="a">Equilibres physico-chimiques et donnees thermodynamiques des melanges gazeux aux temperatures elevees</subfield></datafield><datafield ind1=" " ind2=" " tag="260"><subfield code="a">Paris, Le Ministere De L`Air, 1954. 3 + 111p. + 29 Tabele</subfield></datafield><datafield ind1=" " ind2=" " tag="852"><subfield code="a">10692</subfield></datafield></record></collection>